1808 2289
123 667 320 761 >Quum>
346 698 839 752 Breithauptius‚'·cuius
875 700 958 738 viri
993 699 1316 740 'animitan'dor
1353 701 1508 742 doctri-

123 768 284 808 naeque
314 755 550 808 amplitudo
580 755 776 795 laudibus
805 755 900 795 satis
930 753 1045 794 iustis
1075 757 1214 794 ornari
1243 770 1326 795 non
1361 756 1508 809 potest,

127 809 336 861 Gymnassi
362 809 489 850 nostri
519 810 731 851 historiam
767 812 865 850 inde
904 816 937 850 a*
963 812 1110 864 primis
1148 813 1409 864 temporibus
1443 828 1508 853 re·

124 867 300 918 petitam
338 864 436 905 effet
472 867 798 919 conscripturum
854 868 963 906 mihi
1000 876 1139 906 autem
1176 867 1416 907 faciendum
1445 870 1509 908 vi-

125 922 307 969 deretur,
335 932 385 961 ut
411 923 531 962 novis
561 925 666 962 meis
697 922 858 962 civibus
895 921 1102 974 specimen
1131 922 1306 974 aliquod
1335 924 1509 963 exhibe-

121 991 225 1027 rem,
253 975 337 1016 non
362 978 633 1024 eruditionis,
681 991 787 1028 quae
822 979 867 1015 in
895 990 963 1016 me
993 988 1066 1015 aut
1091 978 1211 1014 nulla
1248 986 1321 1014 aut
1347 991 1424 1029 per
1453 977 1510 1018 est

122 1032 295 1085 exigua,
334 1031 404 1070 fed
432 1031 537 1070 fidei
564 1033 897 1086 religionisque,
943 1044 1067 1083 quam
1104 1031 1149 1068 in
1184 1039 1374 1074 veterum
1411 1032 1508 1072 scri-

120 1096 292 1139 ptorum
327 1088 674 1140 interpretatione
711 1084 947 1135 coluisl'em,
1003 1087 1129 1125 facile
1171 1099 1194 1124 a
1231 1087 1324 1126 viro
1360 1086 1507 1128 humi-

120 1139 287 1180 niss'imo
310 1143 547 1195 impetravi,
576 1152 624 1182 ut
651 1142 769 1182 suum
793 1141 902 1180 mihi
924 1151 1089 1193 tempus
1118 1141 1378 1182 concederet.
1417 1144 1506 1182 Cir-

120 1196 408 1249 cumspicienti
426 1199 559 1251 igitur
573 1199 695 1245 mihi,
723 1196 827 1249 quid
846 1193 1119 1249 potissimum,
1147 1196 1261 1248 quod
1287 1197 1387 1236 huic
1410 1197 1506 1238 scri-

118 1252 257 1304 ptioni
280 1250 379 1290 effet
406 1254 629 1301 idoneum,
657 1254 893 1305 eligerem„
910 1252 957 1290 in
984 1261 1169 1290 mentem
1196 1253 1313 1290 venit
1341 1254 1505 1305 aliquot

112 1307 350 1360 Antigonae
374 1309 586 1356 locorum,
631 1308 797 1359 quibus,
841 1320 971 1357 quum
998 1307 1138 1345 hieme
1166 1308 1358 1357 proxime
1386 1308 1503 1361 supe-

116 1362 224 1401 riori
248 1361 464 1414 discipulis
493 1365 597 1402 meis
611 1360 1012 1401 Friedlandienfibus
1041 1361 1227 1399 fabulam
1251 1375 1500 1413 enarrarem,

115 1417 169 1456 ab
198 1414 408 1456 noviffimi
436 1418 609 1457 editoris
638 1417 849 1456 sententiis
877 1416 1158 1455 recedendum
1185 1417 1294 1455 mihi
1316 1416 1397 1456 ess'e
1411 1420 1500 1459 exi-

118 1470 344 1513 stimabam.
411 1477 475 1512 Ex
516 1474 662 1513 multis
706 1473 840 1526 igitur
881 1472 1060 1524 paucula
1101 1471 1306 1524 quaedam
1350 1472 1500 1515 selecta

116 1530 263 1582 paullo
305 1542 432 1568 nunc*
457 1530 630 1568 uberius
674 1529 775 1568 dedi
811 1537 997 1566 tractata.
1055 1528 1192 1566 Satius
1235 1528 1349 1567 enim
1381 1530 1499 1579 duxi,

117 1581 289 1629 etiamst,
331 1584 377 1622 id
406 1586 520 1637 quod
550 1584 718 1623 summis
749 1583 851 1621 viris
884 1580 1078 1621 accidiffe
1114 1583 1260 1630 video,
1303 1596 1498 1633 errarem,

115 1640 256 1693 palam
289 1652 395 1692 quae
439 1640 567 1679 sentio
603 1639 817 1692 profiteri,
860 1637 1206 1690 doctioribusque
1239 1641 1499 1681 monendum

113 1707 186 1734 me
214 1704 257 1733 et
283 1696 460 1735 meliora
489 1696 726 1735 docendum
752 1693 972 1747 praebere,
1016 1706 1141 1745 quam
1172 1694 1298 1733 tacite
1332 1696 1377 1733 in
1405 1697 1497 1749 opi·

114 1749 311 1790 nionibus
340 1760 497 1790 temere
523 1751 733 1803 conceptis
754 1746 946 1802 perstare.
1002 1750 1046 1788 Si
1075 1762 1197 1797 vero,
1227 1763 1407 1801 quorum
1433 1754 1498 1791 in-

114 1803 251 1851 terest.
293 1806 596 1854 intellexerint,
640 1819 709 1845 me
734 1818 819 1844 non
844 1816 971 1844 coeco
997 1804 1139 1857 aliquo
1166 1805 1329 1857 impetu
1357 1820 1494 1857 ruere,

112 1875 189 1900 nec
212 1861 347 1914 prima
367 1876 555 1915 quaeque
573 1863 619 1901 in
636 1861 825 1900 medium
846 1861 1010 1912 prolata
1034 1860 1229 1912 arripere.
1256 1860 1326 1900 sed
1350 1876 1493 1914 quam.

112 1930 194 1968 que
220 1929 324 1961 rem,
365 1927 565 1968 quantum
590 1930 665 1969 per
693 1917 801 1955 vires
829 1916 947 1963 licet,
996 1915 1223 1968 diligenter
1240 1925 1288 1954 -et
1315 1914 1492 1956 studio&

110 1971 379 2025 perpendere,
404 1980 554 2024 operae
577 1971 760 2024 pretium
775 1967 915 2009 Feciss'e
935 1970 1044 2009 mihi
1059 1970 1247 2017 videbor,
1268 1969 1325 2010 fin
1343 1984 1365 2009 a
1386 1985 1490 2023 quo-

112 2027 224 2078 piam
251 2027 425 2066 meliora
454 2027 626 2065 edoctus
651 2027 791 2071 fuero,
834 2024 1024 2064 benificii
1048 2026 1268 2064 cumulum
1292 2024 1490 2079 accepiss'e

110 2094 179 2121 me
209 2082 456 2131 arbitrabor,
483 2095 661 2135 namque
691 2083 803 2136 (Ant.
831 2080 942 2133 716.)
1082 2081 1086 2085 “

670 2170 673 2174 ,
736 2155 739 2160 ’
1234 2152 1255 2179 ι
