1808 2289
1481 128 1531 165 21

143 253 223 283 τον
251 239 370 286 ἱκέτην
397 235 540 290 γέροντ’
576 235 640 288 ε’μέ
671 230 788 275 αυτόν
815 234 1009 289 τ’ἔχεῖξου,
1036 231 1121 275 ’τας
1150 230 1263 286 κόραις
1289 232 1423 285 τοῖ’χει
1453 241 1530 275 λοι-

158 294 259 344 βων,
308 306 410 345 quo
426 293 521 329 loco
558 302 687 341 quum
723 289 1012 340 imperfectum
1046 288 1366 340 intelligendum
1397 287 1445 325 fit
1478 288 1529 326 de

154 359 323 394 conatu,
350 348 432 385 hoc
461 346 584 391 dicit.
626 343 760 395 ipsum
788 358 855 382 me
884 344 1082 396 superare,
1115 345 1140 386 i.
1170 358 1204 382 e.
1235 344 1406 381 ditionis
1435 353 1530 381 tuae

157 404 293 444 facere
319 398 494 440 voluisti.
535 401 701 444 Trach,
742 405 844 447 1046
878 401 929 439 de
957 401 1140 438 Hercule
1163 412 1281 439 caeca
1307 397 1437 467 peste
1443 412 1531 436 cor·

155 468 297 525 repto·
342 455 540 525 οἰφςοὶστῳ
574 451 664 503 τῆέε
696 455 892 510 χειρωθεὶς
933 450 1041 505 πέδη.
1093 456 1200 494 Ibid.
1237 465 1352 503 1098.
1390 451 1456 502 τήν
1484 455 1531 504 *γὲ

157 509 199 567 ὃς
201 510 359 555 doxam
396 507 494 555 τάδε
533 504 773 565 χειὲὤσοιμοιι
814 512 893 553 mix
925 506 1051 559 wyse,
1093 511 1212 548 illam
1240 519 1392 557 autem,
1427 522 1532 559 quae

156 530 259 608 heaec
283 565 337 606 est
360 568 606 613 machinata,
630 567 673 603 in
698 566 778 604 hoc
804 567 930 605 etiam
953 564 1057 605 statu
1074 567 1180 604 male
1198 566 1396 604 tractabo.
1423 565 1529 603 Phil.

159 637 224 671 91.
253 624 279 665 ἐξ
309 620 390 684 7024?
417 620 461 675 ἐξ
490 620 565 663 ἕνος
593 618 755 663 71030'5‘
734 622 835 673 ημὲἳς
862 617 1031 663 roo-our&
1058 619 1151 675 πξδς
1178 621 1271 668 βίαν
1288 636 1529 675 χειρωσεται,

156 689 301 729 neque
320 678 432 714 enim
460 677 549 721 ille,
577 677 707 714 altero
738 686 899 714 tantum
926 685 1045 714 utens
1073 676 1192 726 pede,
1232 689 1328 722 nos,
1368 676 1439 727 qui
1467 683 1531 713 tot
1567 709 1570 713 ,

157 733 295 772 sumus
334 745 527 778 numero,
574 732 617 769 vi
653 731 871 782 superabit.
946 729 1270 770 Consentaneum
1306 732 1436 784 igitur
1463 728 1529 775 est,

158 803 332 842 χριςωμω
370 786 598 840 significare
668 786 707 836 1)
729 787 1039 830 tractationem,
1079 799 1183 837 quae
1212 786 1388 824 habetur
1412 785 1530 836 figni-

157 842 300 881 ficatio
345 843 441 880 loco
482 841 532 880 ab
562 841 749 880 Erfurdt.
779 843 810 880 1.
838 840 977 880 Aesch.
1012 843 1098 880 VII.
1135 853 1168 880 a.
1200 841 1276 880 Th.
1315 837 1530 895 τυμβοχόα

157 913 388 951 χειρωματω
415 898 442 936 i.
471 911 504 936 e.
535 898 796 934 tractationes
822 898 865 935 in
886 898 1116 935 tumultum
1144 896 1423 935 infundentes.
1452 897 1479 937 i
1494 908 1529 932 e.

155 952 380 989 libationes
410 953 586 989 mortuis
613 949 776 997 effusae,
804 952 844 1002 2)
863 952 1163 995 tractationem,
1189 964 1269 1001 qua
1291 950 1393 1001 quid
1417 949 1532 998 supe-

157 1016 292 1054 ratur,
328 1016 376 1045 Ut
408 1006 509 1045 Oed·
545 1009 594 1046 Τ
630 1018 722 1053 559
751 1002 926 1059 ἄφαντος
960 1006 1070 1060 ἕρῥει
1083 1005 1286 1064 θανασίμῳ
1321 1020 1532 1060 χειξωμοιτι

158 1063 186 1101 i.
216 1075 250 1100 e.
280 1063 525 1099 tractatione
548 1062 763 1099 mortifera
796 1075 818 1099 e
853 1062 1100 1099 mortalibus
1131 1060 1185 1098 est
1213 1051 1432 1111 surreptus,
1491 1070 1532 1097 et

157 1111 764 1169 Aesch.Agan1.l.l.‹lssRnc
798 1114 968 1163 θανέσης
1002 1116 1170 1170 εὐμαςές
1206 1132 1445 1179 χεξξωμοετος
1479 1137 1530 1144 -

158 1172 296 1210 servae
317 1172 434 1209 facili
450 1172 618 1223 negotio
634 1180 884 1222 peremptae.
941 1173 1190 1224 Δυςχείξωμρι
1217 1173 1346 1223 igitur
1364 1171 1532 1222 proprie

160 1227 240 1263 erit
266 1226 418 1268 infelix
442 1226 668 1288 superatio,
711 1226 738 1264 i.
767 1239 800 1263 e.
822 1222 946 1262 tristis
976 1226 1165 1266 victoria.
1220 1224 1360 1262 Tristis
1392 1235 1531 1262 autem

157 1281 233 1318 illa
262 1281 452 1326 victoria,
480 1281 549 1317 vel
576 1281 717 1330 potius
743 1277 895 1317 sunesta
917 1288 1004 1317 erat
1019 1280 1225 1317 Thebanis
1248 1289 1419 1330 propter
1441 1293 1531 1317 mu-

158 1344 273 1373 tuam
301 1335 465 1372 Eteocli
494 1343 536 1371 et
563 1334 776 1381 Polynicis
805 1334 985 1372 caedem.
1025 1337 1146 1371 -Cum
1177 1335 1393 1372 dracone
1414 1334 1528 1371 deni·

149 1402 239 1442 que
272 1396 560 1446 comparantur
594 1387 799 1433 Thebani,
843 1387 956 1439 quod
982 1386 1074 1425 sunt
1100 1383 1360 1461 JeofnoeysysT53
1405 1401 1528 1438 quam

145 1445 213 1491 -ad
249 1458 338 1481 rem
367 1443 589 1494 Sophocles
625 1442 789 1481 adludit
817 1444 1267 1497 Antig.1112.0i=yg=lou
1305 1443 1404 1485 τ’ἒπὶ
1437 1458 1528 1486 07„-

159 1500 210 1556 ςοῖ
239 1494 435 1553 δράκοντος
463 1507 505 1534 et
532 1498 635 1538 Oed
656 1500 699 1535 C.
726 1509 842 1545 1551.
869 1512 1049 1550 <muneram
1078 1498 1152 1539 ὥστ’
1182 1494 1331 1552 οἱνδξων.
1379 1502 1528 1549 Neque

159 1568 258 1592 vero
287 1565 372 1592 tam
401 1554 564 1604 ineptus
596 1551 651 1592 est
666 1553 903 1604 Sophocles,
932 1562 981 1590 ut
1004 1566 1105 1604 quos
1120 1554 1248 1591 modo
1265 1567 1356 1591 cum
1377 1555 1528 1604 aquila,

160 1600 328 1646 eosdem
351 1621 457 1645 nunc
487 1621 582 1645 cum
611 1609 796 1656 serpente
826 1617 1055 1657 comparet,
1085 1610 1174 1658 qui,
1203 1621 1323 1658 quam
1353 1609 1528 1660 diligen-

158 1672 223 1701 ter
251 1661 453 1711 observet,
478 1663 580 1714 quid
608 1663 757 1714 cuique
780 1664 847 1701 vel
868 1663 963 1701 loco
986 1663 1054 1700 vel
1078 1662 1271 1714 personae
1296 1664 1526 1712 conveniat,

157 1733 241 1756 non
270 1719 428 1757 adtinet
457 1718 606 1758 dicere.
664 1721 804 1770 Pugna
839 1727 977 1756 autem
1013 1720 1175 1768 aquilae
1214 1732 1308 1756 cum
1343 1718 1527 1770 serpente

159 1786 182 1811 a
197 1775 326 1812 totius
343 1774 600 1825 antiquitatis
622 1774 756 1826 poetis
780 1773 1006 1812 admodum
1023 1773 1227 1812 celebrata
1244 1774 1293 1811 ab
1311 1772 1527 1814 Aristotele

158 1843 323 1882 quoque
349 1839 605 1868 memoratur
628 1826 731 1867 Hist.
764 1830 898 1868 Anim.
938 1844 975 1877 9.
1009 1843 1042 1867 ι.
1072 1829 1150 1871 ἔστι
1176 1825 1326 1872 ὃόἰετὲς
1348 1846 1411 1881 χρη
1438 1826 1527 1884 ἆρά

157 1901 228 1926 κων
253 1885 439 1936 πολέμιοι·
466 1899 494 1926 τ’
515 1882 607 1937 οφῆν
642 1881 724 1939 *γοὶς
755 1890 917 1925 ποιεῖται
949 1900 1021 1927 τες
1048 1880 1153 1934 ὄφεις
1181 1903 1198 1924 o
1230 1883 1356 1930 αἰετός.
1414 1888 1524 1923 Hinc

156 1938 187 1977 fi
207 1940 352 1990 colligi
379 1948 524 1990 potet,
554 1940 667 2003 quod
692 1936 802 1991 poss'e
831 1938 1012 1985 videtur,
1039 1938 1267 1991 serpentem
1296 1942 1525 1993 oppugnari

160 1996 210 2034 ab
240 1995 392 2045 aquila,
418 2008 524 2032 nova
554 1996 637 2033 iam
668 1992 820 2032 exsistit
848 1992 1088 2039 similitude,
1120 2008 1227 2058 quae
1250 1995 1348 2032 huic
1362 2009 1524 2048 pugnae

155 2049 385 2098 intercedat
418 2062 511 2088 cum
546 2049 661 2087 bello
693 2050 905 2096 Thebano,
936 2051 1122 2102 Argivis,
1158 2050 1230 2100 qui
1261 2062 1355 2087 cum
1384 2052 1524 2102 aquila

160 2110 461 2157 comparantur,
504 2104 666 2146 Thebas
680 2105 862 2153 adortst,
901 2105 1104 2153 Thebanis
1134 2114 1284 2154 autem,
1327 2106 1401 2158 qui
1431 2120 1525 2146 cum
