1808 2289
1519 138 1573 178 17

196 243 461 300 μὀὶτιμοίσητέ
496 258 544 295 γε
559 270 570 288 ,
599 239 719 285 ’ἀλλ’
767 243 801 284 ἔν
842 239 1019 294 τάφόισι’
1041 241 1166 287 θέσθε
1205 242 1280 285 κὀἰν
1308 242 1577 298 'meeis-pamm

196 305 262 340 De
278 302 512 352 Antigonae
538 298 715 349 denique
737 297 938 348 supplicio
961 302 1063 338 Ant..
1082 303 1199 346 1056.
1222 297 1359 351 ’ψυχήν
1382 302 1571 354 τὀἰτίμως

196 360 233 399 ἔν
260 354 380 413 τάφῳ
409 355 641 395 κατοικίσας.
706 352 865 390 Eodem
890 354 1022 406 igitur
1042 354 1153 392 redit
1176 355 1218 392 h.
1240 355 1270 391 1.
1294 351 1449 407 ἄτιμος,
1486 368 1570 405 quo

196 425 236 448 v.
265 421 381 455 1058.
413 405 572 462 n'i'pocqov,
598 408 820 462 οἰκτέξιστον
850 429 903 437 -
933 409 1042 449 νέκυν.
1111 412 1223 456 Jam,
1252 411 1420 459 opinor,
1455 410 1571 448 vide-

194 476 299 509 mus,
327 464 576 516 Antigonam
601 459 737 512 ἄτιμον
763 460 909 501 dixisse
941 464 992 501 de
1017 464 1237 513 Polynice,
1268 466 1336 502 cui
1363 462 1463 502 iusta
1485 479 1570 503 non

195 515 429 570 contigiffet
466 518 718 568 sepulturas
770 520 877 556 Hoc
910 527 1075 556 autem
1106 533 1204 560 non
1237 519 1424 570 Oedipi
1461 528 1570 557 erat

195 572 490 626 flagitium,
528 571 613 609 sed
647 572 935 626 Antigonae
971 574 1167 621 malum.
1233 577 1379 612 Cetera
1402 587 1568 626 quoque

194 628 410 672 vocabula,
440 625 627 680 dkymdm
662 623 759 676 ἄτης
787 623 892 684 ἄτερ,
922 626 1099 682 αἰσχράν,
1126 638 1268 676 utrum
1298 629 1568 681 suamflquod÷

179 696 275 735 ‚que
297 692 451 721 certam
472 696 561 720 rem
583 682 804 736 fignificet,
832 689 982 731 nec'ne,
1017 697 1150 735 neque
1173 685 1302 722 refert
1324 686 1566 736 quidquam,

193 751 328 790 neque
356 738 553 776 continuo
586 739 786 785 dixerim,
830 752 1079 791 quamquam
1116 741 1204 778 veri
1234 740 1346 778 haud
1377 738 1566 779 diffimile

195 794 399 837 videatur,
426 791 599 844 ἀλγεινόν
622 791 846 846 fignificare
870 794 1217 843 caedes-suorum,
1247 793 1405 849 αἰσχρόν
1427 805 1566 833 autem

193 846 383 886 nascendi
415 848 719 895 conditionem,
776 862 855 900 qua
896 849 947 887 de
978 862 1023 886 re
1052 848 1219 886 Tirefias
1257 850 1358 888 Oed.
1391 853 1437 887 T.
1471 855 1565 897 567.

192 902 396 950 λεληθέναι
439 920 481 944 σε
515 903 611 955 φημὶ
645 900 710 944 σὼ
745 911 823 946 τοῖς
854 902 1062 956 φιλτάτοις
1099 904 1279 957 xib-xm&
1318 903 1486 956 Spaassvr'
1524 914 1568 942 et

188 957 385 996 -fimiliter
408 955 532 994 fimili
562 958 605 994 in
625 970 671 995 re
703 958 755 995 de
780 957 1077 1008 Clytemnestra
1098 960 1253 996 Electr.
1280 963 1374 1004 576.
1405 967 1449 995 et
1470 969 1568 1006 583.

189 1013 388 1064 αἴσχιστα
417 1021 459 1049 et
487 1013 657 1065 οιῗσχςῶς
691 1012 857 1051 dicitur.
936 1012 1152 1063 Quidquid
1181 1022 1317 1050 autem
1346 1013 1459 1050 illud
1489 1011 1565 1063 est,

192 1064 486 1119 Antigona'his
517 1067 568 1104 de
595 1067 719 1105 rebus
749 1081 833 1106 non
864 1076 1076 1119 tamquam
1111 1066 1162 1104 de
1189 1067 1342 1118 Oedipi
1370 1067 1564 1121 flagitiis.

193 1121 263 1161 sed
283 1131 332 1162 ut
352 1121 404 1161 de
428 1121 509 1160 suis
542 1123 732 1173 loquitur
757 1123 912 1183 malis:—

308 1204 491 1257 Singulis
525 1203 657 1256 igitur
686 1203 811 1243 rebus
847 1203 1073 1258 diligenter
1103 1201 1307 1256 perpenfis
1340 1204 1450 1244 nihil
1479 1206 1564 1245 iam

192 1259 404 1311 reliquum
434 1256 508 1305 est,
549 1258 663 1309 quod
695 1268 828 1303 vetet,
859 1273 912 1297 ne
943 1268 1171 1297 vertamus:
1228 1272 1389 1311 neque
1430 1262 1562 1299 enim

194 1314 473 1366 quidquam
513 1310 687 1358 triste,
713 1326 904 1364 „neque
949 1315 1097 1364 culpa
1139 1326 1341 1357 vacanS,
1397 1327 1562 1364 neque

191 1379 367 1420 turpe,
403 1366 565 1419 neque
597 1363 998 1420 ignominiosum
1028 1365 1110 1414 est,
1144 1366 1281 1419 quod
1307 1368 1444 1406 inter
1471 1378 1560 1407 tua

192 1434 243 1462 et
270 1436 379 1462 mea
407 1423 540 1460 mala
573 1435 667 1474 ego
694 1435 792 1459 non
817 1422 1050 1461 viderim.

306 1504 538 1544 Hermanni
560 1503 684 1542 huius
705 1504 789 1543 loci
810 1504 1112 1557 interpretandi
1133 1504 1242 1543 ratio
1264 1502 1319 1543 est
1339 1505 1413 1544 illa
1437 1506 1561 1546 valde

191 1560 368 1601 subtilis.
424 1560 656 1601 Erudenter
680 1561 789 1598 enim
818 1561 940 1606 dixit,
968 1555 1120 1604 ἐδέν-
1140 1561 1166 1603 ε’
1197 1560 1295 1598 duas
1317 1559 1356 1598 se
1379 1562 1561 1601 invicem

191 1617 387 1655 tollentes
409 1615 564 1654 habere
585 1615 824 1667 negationes
849 1616 983 1664 (cuius
1010 1614 1178 1666 quidem
1203 1614 1398 1654 dictionis
1420 1630 1559 1655 exem-

190 1673 260 1735 pla
290 1671 402 1725 apud
434 1671 683 1723 Sophoclem
714 1684 799 1709 non
828 1667 1137 1724 inveniuntur„
1191 1665 1275 1714 έδέν
1310 1666 1380 1715 {ire
1408 1692 1461 1702 -—
1490 1668 1560 1717 ἕτε

193 1737 332 1771 autem
358 1740 443 1765 non
469 1725 641 1764 sublatis
671 1725 740 1764 sed
769 1726 956 1776 repetitis
982 1726 1275 1778 negationibus
1307 1726 1413 1774 dici,
1463 1729 1561 1779 quia

193 1780 436 1820 divisionem
458 1781 692 1819 contineret
713 1780 776 1818 rei
795 1784 967 1833 negatae
989 1782 1033 1819 in
1049 1789 1200 1831 partes,
1223 1794 1323 1832 quas
1338 1781 1441 1832 ipsas
1458 1796 1559 1833 quo-

191 1850 272 1887 que
293 1836 437 1888 negari
464 1849 540 1887 par
562 1832 671 1874 effet.
730 1838 861 1886 Quam
886 1848 976 1873 rem
1000 1836 1046 1874 in
1067 1835 1276 1886 Suphocle
1301 1836 1458 1888 ubique
1484 1837 1558 1875 ob-

190 1892 301 1930 viam
328 1890 579 1942 probaturus
607 1903 661 1928 ex
686 1887 962 1928 Demosthene
986 1887 1106 1929 affert
1130 1892 1371 1942 exemplum
1398 1901 1556 1930 contra-

189 1946 295 1984 riam
322 1944 489 1996 sequens
516 1945 743 1991 rationem,
781 1944 1002 1995 „partibus
1028 1945 1156 1997 prim,
1186 1945 1337 1983 deinde
1368 1955 1458 1983 toto
1481 1959 1556 1996 po-

149 2006 152 2009 '
189 1998 265 2039 fito
294 2000 405 2039 Phil.
428 2002 497 2037 111.
525 2013 566 2051 p.
594 2013 685 2048 111,
712 2013 776 2047 2¹7.
800 1995 858 2042 gra
885 1996 957 2044 ἔτέ
980 1997 1103 2055 μικςόν
1130 1996 1199 2044 ἕτε
1227 2001 1345 2051 με’·γοι,
1371 1995 1457 2043 έὸὲν
1484 2001 1556 2043 τῶν

190 2050 338 2099 δεὸντων
371 2052 549 2100 nonsit-rw
576 2053 674 2108 ὑμῶν
706 2056 832 2097 κακῶς
863 2052 920 2098 τοὶ
949 2054 1175 2111 πράγματα
1209 2055 1346 2111 ἔχω’,
1387 2057 1455 2094 cui
1486 2057 1556 2095 ad-

191 2110 290 2151 dere
307 2111 424 2160 licet,
453 2110 567 2164 quod.
593 2112 638 2149 in
659 2110 812 2150 iisdem
837 2124 967 2163 paene
989 2111 1125 2150 verbis
1157 2124 1178 2149 a
1201 2111 1295 2149 loco
1320 2112 1555 2164 Sophocleo

1288 2180 1307 2193 ,-

1287 2192 1308 2217 Ο
