1808 2289
227 129 282 171 18

228 247 314 278 non
343 235 401 277 est
438 236 667 284 diversum,
700 236 809 276 Plat.
832 237 957 288 Apol.
985 234 1020 286 §.
1048 249 1083 284 5.
1114 231 1160 278 ὧν
1188 235 1262 289 ἐγὼ
1283 232 1366 282 έὸἒν
1399 233 1468 280 iiie
1498 240 1607 291 μέγα

227 290 300 339 ἔτε
327 311 415 349 σμικ
438 291 475 335 ὄν
501 294 586 347 πέςι
610 292 743 335 ἐπαΐω.
812 292 896 330 Sed
923 292 1146 342 exemplis,
1181 304 1286 342 quae
1311 292 1481 330 millena
1509 306 1606 343 pro-

230 350 335 390 ferri
358 310 544 401 pofiunss
570 361 655 385 non
679 345 737 387 est
758 360 862 399 opus
888 346 942 385 ad
961 345 1219 400 probandam
1242 360 1332 385 rem
1355 348 1512 385 nemini
1535 360 1607 385 ne‘-

232 414 383 458 gatam.
453 404 533 441 His
564 403 697 455 igitur
726 400 956 441 constitutis
989 402 1051 440 sui
1084 401 1168 453 ipse
1202 403 1413 452 praecepti
1445 401 1606 441 eversor

232 459 424 498 exoritur
444 460 721 498 Hermannus.
773 457 916 509 Pergit
941 457 1074 495 enim:
1130 469 1209 501 „ex
1236 455 1301 493 his
1322 456 1454 508 igitur
1477 466 1606 508 patet,

232 515 372 554 omnia
405 512 443 551 se
470 522 582 551 recte
613 512 807 552 habitura
836 509 939 563 effe,
973 510 1005 550 fi
1035 509 1092 550 fic
1118 508 1329 563 scripfiss'et
1358 512 1607 562 Sophocles}

231 566 318 614 εἶδέν
344 567 425 625 «γαές
445 570 498 613 ἐκ
525 566 714 621 οἰλγεινίν,
741 563 802 613 8’8'
832 564 931 617 ἄτης
958 563 1066 622 ἄτερ,
1092 562 1153 611 ὁδ’
1180 564 1357 621 αἷσχςὸν,
1384 563 1444 610 εἶδ’
1474 564 1608 622 ἄτιμον

231 625 316 667 ἔσθ’
355 624 473 667 ὁποῖον
505 625 532 668 εἰ
568 625 645 668 τῶν
675 625 748 668 σῶν
777 639 822 667 τε
855 624 988 679 κοὶμῶν
1016 625 1070 667 ἐκ
1098 618 1221 665 ’ὄπωπ’
1251 619 1324 674 ἔγῶ
1356 622 1524 664 κωκῶν.“
1553 642 1608 653 -·

232 681 417 719 Minime
446 693 560 719 vero.
630 681 742 719 Nam
768 678 797 718 fi
825 674 910 724 ἐδέν
943 680 968 723 εἲ
1000 679 1240 731 negationes
1268 677 1397 716 habet
1426 678 1608 717 invicem

231 735 272 774 se
307 737 529 785 tollente53
579 733 791 787 sequentes
822 745 961 774 autem
1002 734 1241 787 negationes
1272 732 1431 777 ις’-ἐκ
1465 729 1609 775 &nmmo

232 791 358 830 unius
388 791 682 830 tantummodo
705 791 942 844 negationis
970 790 1057 829 vim
1080 788 1255 836 habent,
1290 789 1531 840 negatione,
1560 796 1609 826 ut

235 848 294 884 ait
328 848 612 890 Hermannus,
658 846 860 883 familiari
887 845 961 883 usu
990 845 1182 895 repetita,
1205 843 1411 895 sequitur,
1448 853 1497 881 ut
1524 838 1608 887 έὸἐν

234 899 317 953 'yde
340 899 392 944 ἐκ
423 897 595 952 dmm&
617 921 669 930 -
699 899 784 943 ἴσθ’
812 898 932 942 ὁποῖον
959 904 984 944 ε’
1013 899 1086 942 τῶν
1114 898 1183 940 σῶν
1210 913 1255 941 τε
1282 899 1410 952 κοὶμῶν
1423 902 1472 943 ἐκ
1485 894 1607 941 ὄπωπ’

235 953 311 1008 ἐγώ
326 957 448 997 κακῶν
465 970 548 993 non
564 954 627 1001 fit,
640 956 748 994 nihil
769 954 881 994 triste
898 953 968 1001 est,
983 954 1097 1006 quod
1117 955 1228 992 inter
1242 964 1312 992 tua
1329 964 1371 992 et
1387 966 1479 993 mea
1497 954 1609 992 mala

231 1024 319 1049 non
355 1011 558 1059 viderim3
607 1010 678 1048 sed
711 1010 828 1048 nihil
853 1024 939 1048 non
971 1007 1087 1047 triste
1122 1007 1199 1054 est,
1242 1009 1356 1061 quod
1383 1023 1468 1048 non
1493 1008 1611 1047 vide-

231 1067 336 1110 rim,
373 1065 403 1104 i.
440 1077 476 1103 e.
506 1065 647 1103 omnia
678 1063 808 1103 tristia
847 1064 960 1112 sunt,
1002 1077 1106 1117 quae
1142 1077 1227 1102 non
1255 1064 1453 1111 viderim,
1497 1062 1612 1116 quod

232 1120 388 1159 eodem
417 1120 546 1166 redit,
576 1131 683 1170 quo:
723 1120 865 1158 omnia
890 1133 996 1171 quae
1018 1120 1130 1167 vidi,
1162 1132 1245 1157 non
1273 1118 1364 1157 sunt
1387 1118 1538 1165 tristia,
1564 1118 1611 1157 id

234 1175 349 1227 quod
384 1187 513 1226 aeque
547 1176 673 1228 longe
715 1187 740 1214 a
779 1175 979 1227 Sophocli
1016 1184 1156 1213 mente
1196 1183 1318 1224 atque
1361 1187 1384 1213 a
1426 1174 1611 1226 sequenti

235 1231 469 1271 Hermanni
502 1228 610 1269 abest
640 1231 941 1281 explicatione:
973 1225 1056 1275 έδὲν
1083 1230 1155 1273 τῶν
1187 1230 1279 1283 ἒμῶν
1308 1231 1430 1273 κακῶν
1458 1235 1506 1275 ἐκ
1534 1235 1610 1274 οὶλ-

233 1282 351 1340 γεινόν
371 1282 527 1328 ἕπωποι.
584 1289 698 1337 Quae
728 1284 921 1336 deinceps
944 1285 1186 1337 sequuntur,
1232 1298 1428 1337 magnum
1456 1287 1612 1324 habent

236 1355 287 1381 ea
315 1341 636 1387 documentum,
680 1354 805 1392 quam
841 1340 965 1379 facile
993 1339 1045 1377 ab
1075 1339 1343 1391 opinionibus
1370 1341 1496 1379 nimis
1524 1342 1609 1380 cito

237 1397 449 1448 conceptis
465 1396 510 1433 in
530 1408 691 1434 errores·
704 1396 965 1434 inducamur.
1008 1394 1185 1432 Dixerat
1209 1395 1318 1432 enim
1334 1397 1612 1442 Hermannus,

236 1452 359 1503 loqui
387 1450 640 1502 Antigonam
676 1449 728 1487 de
763 1451 891 1500 patris
929 1459 971 1486 et
1004 1449 1180 1486 fratrum
1205 1448 1386 1501 flagitiis.
1441 1454 1506 1487 Ex
1535 1448 1610 1493 οὔτ’

238 1503 337 1554 δίς-ης
366 1502 462 1560 ἄφες
489 1506 622 1559 igitur
650 1517 819 1556 quoquo
856 1504 982 1542 modo
1010 1503 1322 1542 extundendum
1358 1514 1467 1545 eratz
1499 1507 1610 1548 nihil

238 1561 509 1616 flagitiosum,
533 1573 665 1612 quum
692 1568 847 1604 tamen,
872 1567 921 1596 ut
950 1554 1026 1606 οἲτη
1052 1556 1101 1596 fit
1120 1557 1344 1612 flagitium,
1370 1560 1499 1612 quod,
1531 1559 1610 1600 nifi

236 1632 257 1655 a
284 1619 414 1656 totius
432 1617 685 1669 graecitatis,
703 1615 819 1667 quod
846 1628 1001 1667 pronus
1021 1612 1108 1652 sum
1127 1624 1175 1653 ut
1201 1615 1380 1664 credam,
1409 1630 1432 1654 a
1450 1617 1611 1669 Sopho·-

238 1676 295 1710 cli
326 1682 436 1710 certe
458 1672 533 1709 usu
552 1672 765 1718 abhorret,
796 1672 948 1721 planus
973 1669 1197 1708 verborum
1223 1669 1358 1709 sensus
1384 1669 1503 1710 ess'ett
1545 1674 1609 1710 ni-

238 1727 304 1766 hil
334 1725 414 1763 sme
444 1726 606 1777 flagitio
635 1725 667 1765 i.
700 1737 738 1762 e.
762 1725 873 1763 nihil
899 1738 984 1763 non
1017 1723 1283 1777 flagitiosum.
1339 1726 1452 1777 ,Quid
1479 1727 1610 1779 igitur

237 1779 507 1820 faciendum?
565 1782 713 1819 Omnia
748 1779 904 1818 summa
939 1780 1041 1818 imis
1079 1779 1265 1823 misceri,
1297 1782 1517 1820 coniuncta
1541 1782 1609 1820 vdi-

237 1836 361 1881 velli,
411 1835 584 1874 disiecta
613 1835 823 1886 copulari,
857 1835 969 1874 nihil
994 1833 1160 1886 prorsus
1192 1834 1264 1873 sua
1286 1834 1383 1875 fede·
1407 1837 1610 1874 intactum

236 1891 438 1942 relinqui.
489 1894 598 1929 Nam
633 1889 717 1933 ἔσθ’
746 1888 863 1934 ὅποῖον
889 1893 915 1935 ε’
940 1891 1123 1929 transilit
1148 1892 1342 1942 proxime
1369 1890 1613 1930 anteceden-

237 1948 311 1992 tia,
343 1957 385 1984 et
404 1946 702 1984 remotioribus
731 1942 807 1988 οὔτ’
828 1943 926 1994 ἄτης
947 1942 1042 2002 ἄτερ
1057 1945 1097 1984 se
1111 1946 1314 1999 adiungit.
1359 1950 1503 1997 Itaque
1518 1942 1608 1983 effi-

241 2004 369 2041 citur:
395 1997 471 2045 oz'a'r‘
499 1998 597 2050 ἄτης
620 1998 714 2057 ἄτερ
742 2000 823 2044 ἔσθ’
852 2000 970 2045 ὁποῖον
996 2007 1021 2045 ἐ
1049 2003 1080 2041 i·
1106 2014 1140 2041 Β·
1170 2015 1329 2054 „neque
1356 2001 1411 2039 fla
1441 2001 1509 2039 itii
1539 2013 1610 2038 ex·

241 2071 334 2109 pers
364 2057 590 2110 quidquam
619 2063 757 2102 non“,
790 2071 892 2108 quae
929 2059 1109 2110 denique·
1135 2072 1185 2097 eo
1216 2058 1327 2097 trahi
1347 2070 1404 2107 po
1435 2065 1530 2104 unt,
1563 2065 1610 2094 ut

242 2113 403 2151 dicanti
428 2114 538 2152 nihil
565 2111 832 2166 flagitiosum.
855 2111 1064 2154 Effectum
1091 2114 1223 2166 igitur
1251 2111 1322 2160 est,
1347 2121 1394 2151 ut
1417 2108 1492 2154 οὔτ’
1512 2108 1609 2161 o'a'rns
